@techreport{paper,
	author       = {Buse, Lucian and Ganea, Mirela and Circiumaru, Daniel},
	title        = {Using Linear Regression in the Analysis of Financial-Economic Performances},
	address      = {Craiova, Romania},
	institution  = {University of Craiova},
	year         = {2009},
}

@book{text1,
	author    = {Montgomery Douglas C. and Peck Elizabeth A. and Vining G. Geoffrey},
	title     = {Introduction to Linear Regression Analysis},
	publisher = {John Wiley \& Sons Inc.},
	year      = {2012},
	address   = {United States of America},
	edition   = {Fifth}
}

@book{text2,
	author    = {Ott, R. Lyman and Longnecker, Michael},
	title     = {An Introduction to Statistical Methods and Data Analysis},
	publisher = {Cancage Learning},
	year      = {2010},
	address   = {Belmont, CA},
	edition   = {Sixth}
}